@INBOOK{SH_hyperplane0,
    author      = {Simon Haykin},
    booktitle   = {Neural Networks and Learning Machines (3rd Edition)},
    title       = {Section 6.1 Introduction},
    year        = {2008},
    month       = nov,
    pages       = {268--269},
    publisher   = {Prentice Hall},
    isbn        = {0131471392}
}

@INBOOK{SH_hyperplane1,
    author      = {Simon Haykin},
    booktitle   = {Neural Networks and Learning Machines (3rd Edition)},
    title       = {Section 6.2 Optimal Hyperplane for Linearly Separable Patterns},
    year        = {2008},
    month       = nov,
    pages       = {269--280},
    publisher   = {Prentice Hall},
    isbn        = {0131471392}
}

@INBOOK{SH_crossvalidation,
    author      = {Simon Haykin},
    booktitle   = {Neural Networks and Learning Machines (3rd Edition)},
    title       = {Section 4.13 Cross-Validation},
    year        = {2008},
    month       = nov,
    pages       = {171--172},
    publisher   = {Prentice Hall},
    isbn        = {0131471392}
}


